@misc{
    ISO_9241-11, 
    url={https://www.iso.org/standard/63500.html}, 
    journal={ISO}, 
    year={2023}, 
    month={Oct}
}

@misc{(WAI), 
    title={WCAG 2 Overview}, 
    url={https://www.w3.org/WAI/standards-guidelines/wcag/}, 
    journal={Web Accessibility Initiative (WAI)}, 
    author={(WAI), W3C Web Accessibility Initiative}
} 
    
